@ARTICLE{pytorch_paper,
       author = {{Paszke}, Adam and {Gross}, Sam and {Massa}, Francisco and
         {Lerer}, Adam and {Bradbury}, James and {Chanan}, Gregory and
         {Killeen}, Trevor and {Lin}, Zeming and {Gimelshein}, Natalia and
         {Antiga}, Luca and {Desmaison}, Alban and {K{\"o}pf}, Andreas and
         {Yang}, Edward and {DeVito}, Zach and {Raison}, Martin and
         {Tejani}, Alykhan and {Chilamkurthy}, Sasank and {Steiner}, Benoit and
         {Fang}, Lu and {Bai}, Junjie and {Chintala}, Soumith},
        title = "{PyTorch: An Imperative Style, High-Performance Deep Learning Library}",
      journal = {arXiv e-prints},
     keywords = {Computer Science - Machine Learning, Computer Science - Mathematical Software, Statistics - Machine Learning},
         year = "2019",
        month = "Dec",
          eid = {arXiv:1912.01703},
        pages = {arXiv:1912.01703},
archivePrefix = {arXiv},
       eprint = {1912.01703},
 primaryClass = {cs.LG},
       adsurl = {https://ui.adsabs.harvard.edu/abs/2019arXiv191201703P},
      adsnote = {Provided by the SAO/NASA Astrophysics Data System}
}
