@ARTICLE{pytorch_paper,
       author = {{Paszke}, Adam and {Gross}, Sam and {Massa}, Francisco and
         {Lerer}, Adam and {Bradbury}, James and {Chanan}, Gregory and
         {Killeen}, Trevor and {Lin}, Zeming and {Gimelshein}, Natalia and
         {Antiga}, Luca and {Desmaison}, Alban and {K{\"o}pf}, Andreas and
         {Yang}, Edward and {DeVito}, Zach and {Raison}, Martin and
         {Tejani}, Alykhan and {Chilamkurthy}, Sasank and {Steiner}, Benoit and
         {Fang}, Lu and {Bai}, Junjie and {Chintala}, Soumith},
        title = "{PyTorch: An Imperative Style, High-Performance Deep Learning Library}",
      journal = {arXiv e-prints},
     keywords = {Computer Science - Machine Learning, Computer Science - Mathematical Software, Statistics - Machine Learning},
         year = "2019",
        month = "Dec",
          eid = {arXiv:1912.01703},
        pages = {arXiv:1912.01703},
archivePrefix = {arXiv},
       eprint = {1912.01703},
 primaryClass = {cs.LG},
       adsurl = {https://ui.adsabs.harvard.edu/abs/2019arXiv191201703P},
      adsnote = {Provided by the SAO/NASA Astrophysics Data System}
}
@ARTICLE{mxnet_paper,
       author = {{Chen}, Tianqi and {Li}, Mu and {Li}, Yutian and {Lin}, Min and
         {Wang}, Naiyan and {Wang}, Minjie and {Xiao}, Tianjun and {Xu}, Bing and
         {Zhang}, Chiyuan and {Zhang}, Zheng},
        title = "{MXNet: A Flexible and Efficient Machine Learning Library for Heterogeneous Distributed Systems}",
      journal = {arXiv e-prints},
     keywords = {Computer Science - Distributed, Parallel, and Cluster Computing, Computer Science - Machine Learning, Computer Science - Mathematical Software, Computer Science - Neural and Evolutionary Computing},
         year = "2015",
        month = "Dec",
          eid = {arXiv:1512.01274},
        pages = {arXiv:1512.01274},
archivePrefix = {arXiv},
       eprint = {1512.01274},
 primaryClass = {cs.DC},
       adsurl = {https://ui.adsabs.harvard.edu/abs/2015arXiv151201274C},
      adsnote = {Provided by the SAO/NASA Astrophysics Data System}
}
@ARTICLE{tbd,
       author = {{Zhu}, Hongyu and {Akrout}, Mohamed and {Zheng}, Bojian and
         {Pelegris}, Andrew and {Phanishayee}, Amar and {Schroeder}, Bianca and
         {Pekhimenko}, Gennady},
        title = "{TBD: Benchmarking and Analyzing Deep Neural Network Training}",
      journal = {arXiv e-prints},
     keywords = {Computer Science - Machine Learning, Statistics - Machine Learning},
         year = "2018",
        month = "Mar",
          eid = {arXiv:1803.06905},
        pages = {arXiv:1803.06905},
archivePrefix = {arXiv},
       eprint = {1803.06905},
 primaryClass = {cs.LG},
       adsurl = {https://ui.adsabs.harvard.edu/abs/2018arXiv180306905Z},
      adsnote = {Provided by the SAO/NASA Astrophysics Data System}
}

@ARTICLE{deep_compression,
       author = {{Han}, Song and {Mao}, Huizi and {Dally}, William J.},
        title = "{Deep Compression: Compressing Deep Neural Networks with Pruning, Trained Quantization and Huffman Coding}",
      journal = {arXiv e-prints},
     keywords = {Computer Science - Computer Vision and Pattern Recognition, Computer Science - Neural and Evolutionary Computing},
         year = "2015",
        month = "Oct",
          eid = {arXiv:1510.00149},
        pages = {arXiv:1510.00149},
archivePrefix = {arXiv},
       eprint = {1510.00149},
 primaryClass = {cs.CV},
       adsurl = {https://ui.adsabs.harvard.edu/abs/2015arXiv151000149H},
      adsnote = {Provided by the SAO/NASA Astrophysics Data System}
}

@ARTICLE{vdnn,
       author = {{Rhu}, Minsoo and {Gimelshein}, Natalia and {Clemons}, Jason and
         {Zulfiqar}, Arslan and {Keckler}, Stephen W.},
        title = "{vDNN: Virtualized Deep Neural Networks for Scalable, Memory-Efficient Neural Network Design}",
      journal = {arXiv e-prints},
     keywords = {Computer Science - Distributed, Parallel, and Cluster Computing, Computer Science - Machine Learning, Computer Science - Neural and Evolutionary Computing},
         year = "2016",
        month = "Feb",
          eid = {arXiv:1602.08124},
        pages = {arXiv:1602.08124},
archivePrefix = {arXiv},
       eprint = {1602.08124},
 primaryClass = {cs.DC},
       adsurl = {https://ui.adsabs.harvard.edu/abs/2016arXiv160208124R},
      adsnote = {Provided by the SAO/NASA Astrophysics Data System}
}

@article{gist,
  title={Gist: Efficient Data Encoding for Deep Neural Network Training},
  author={Animesh Jain and Amar Phanishayee and Jason Mars and Lingjia Tang and Gennady Pekhimenko},
  journal={2018 ACM/IEEE 45th Annual International Symposium on Computer Architecture (ISCA)},
  year={2018},
  pages={776-789}
}

@ARTICLE{scnn,
       author = {{Parashar}, Angshuman and {Rhu}, Minsoo and {Mukkara}, Anurag and
         {Puglielli}, Antonio and {Venkatesan}, Rangharajan and
         {Khailany}, Brucek and {Emer}, Joel and {Keckler}, Stephen W. and
         {Dally}, William J.},
        title = "{SCNN: An Accelerator for Compressed-sparse Convolutional Neural Networks}",
      journal = {arXiv e-prints},
     keywords = {Computer Science - Neural and Evolutionary Computing, Computer Science - Hardware Architecture, Computer Science - Machine Learning},
         year = "2017",
        month = "May",
          eid = {arXiv:1708.04485},
        pages = {arXiv:1708.04485},
archivePrefix = {arXiv},
       eprint = {1708.04485},
 primaryClass = {cs.NE},
       adsurl = {https://ui.adsabs.harvard.edu/abs/2017arXiv170804485P},
      adsnote = {Provided by the SAO/NASA Astrophysics Data System}
}

@ARTICLE{eie,
       author = {{Han}, Song and {Liu}, Xingyu and {Mao}, Huizi and {Pu}, Jing and
         {Pedram}, Ardavan and {Horowitz}, Mark A. and {Dally}, William J.},
        title = "{EIE: Efficient Inference Engine on Compressed Deep Neural Network}",
      journal = {arXiv e-prints},
     keywords = {Computer Science - Computer Vision and Pattern Recognition, Computer Science - Hardware Architecture},
         year = "2016",
        month = "Feb",
          eid = {arXiv:1602.01528},
        pages = {arXiv:1602.01528},
archivePrefix = {arXiv},
       eprint = {1602.01528},
 primaryClass = {cs.CV},
       adsurl = {https://ui.adsabs.harvard.edu/abs/2016arXiv160201528H},
      adsnote = {Provided by the SAO/NASA Astrophysics Data System}
}

@ARTICLE{matplotlib,
        author={J. D. {Hunter}},
        journal={Computing in Science Engineering},
        title={Matplotlib: A 2D Graphics Environment},
        year={2007},
        volume={9},
        number={3},
        pages={90-95},
        keywords={computer graphics;mathematics computing;object-oriented programming;software packages;Matplotlib;2D graphics package;Python;application development;interactive scripting;publication-quality image generation;user interface;operating system;Graphics;Interpolation;Equations;Graphical user interfaces;Packaging;Image generation;User interfaces;Operating systems;Computer languages;Programming profession;Python;scripting languages;application development;scientific programming},
        doi={10.1109/MCSE.2007.55},
        ISSN={1558-366X},
        month={May},}
        
@ARTICLE{tensorflow,
       author = {{Abadi}, Mart{\'\i}n and {Agarwal}, Ashish and {Barham}, Paul and
         {Brevdo}, Eugene and {Chen}, Zhifeng and {Citro}, Craig and
         {Corrado}, Greg S. and {Davis}, Andy and {Dean}, Jeffrey and
         {Devin}, Matthieu and {Ghemawat}, Sanjay and {Goodfellow}, Ian and
         {Harp}, Andrew and {Irving}, Geoffrey and {Isard}, Michael and
         {Jia}, Yangqing and {Jozefowicz}, Rafal and {Kaiser}, Lukasz and
         {Kudlur}, Manjunath and {Levenberg}, Josh and {Mane}, Dan and
         {Monga}, Rajat and {Moore}, Sherry and {Murray}, Derek and
         {Olah}, Chris and {Schuster}, Mike and {Shlens}, Jonathon and
         {Steiner}, Benoit and {Sutskever}, Ilya and {Talwar}, Kunal and
         {Tucker}, Paul and {Vanhoucke}, Vincent and {Vasudevan}, Vijay and
         {Viegas}, Fernanda and {Vinyals}, Oriol and {Warden}, Pete and
         {Wattenberg}, Martin and {Wicke}, Martin and {Yu}, Yuan and
         {Zheng}, Xiaoqiang},
        title = "{TensorFlow: Large-Scale Machine Learning on Heterogeneous Distributed Systems}",
      journal = {arXiv e-prints},
     keywords = {Computer Science - Distributed, Parallel, and Cluster Computing, Computer Science - Machine Learning},
         year = "2016",
        month = "Mar",
          eid = {arXiv:1603.04467},
        pages = {arXiv:1603.04467},
archivePrefix = {arXiv},
       eprint = {1603.04467},
 primaryClass = {cs.DC},
       adsurl = {https://ui.adsabs.harvard.edu/abs/2016arXiv160304467A},
      adsnote = {Provided by the SAO/NASA Astrophysics Data System}
}


@ARTICLE{dnn_history,
       author = {{Wang}, Haohan and {Raj}, Bhiksha},
        title = "{On the Origin of Deep Learning}",
      journal = {arXiv e-prints},
     keywords = {Computer Science - Machine Learning, Computer Science - Neural and Evolutionary Computing, Statistics - Machine Learning},
         year = "2017",
        month = "Feb",
          eid = {arXiv:1702.07800},
        pages = {arXiv:1702.07800},
archivePrefix = {arXiv},
       eprint = {1702.07800},
 primaryClass = {cs.LG},
       adsurl = {https://ui.adsabs.harvard.edu/abs/2017arXiv170207800W},
      adsnote = {Provided by the SAO/NASA Astrophysics Data System}
}

@ONLINE{turing_architecture,
       author = {{Kilgariff}, Emmett and {Moreton}, Henry and {Stam}, Nick and {Bell}, Brandon},
        title = "{NVIDIA Turing Architecture In-Depth}",
         year = "2018",
        month = "Sept",
       url = {https://devblogs.nvidia.com/nvidia-turing-architecture-in-depth}
}

@ONLINE{cuda_guide,
        title = "{CUDA C++ Programming Guide}",
         year = "2019",
        month = "Nov",
       url = {https://docs.nvidia.com/cuda/cuda-c-programming-guide/index.html}
}

@ONLINE{cudnn,
        title = "{cudnn-developer-guide}",
         year = "2019",
        month = "Nov",
       url = {https://docs.nvidia.com/deeplearning/sdk/cudnn-developer-guide/index.html}
}

@ONLINE{feedforward_pic,
        author={{Brownlee}, Jason},
        title = "{Primer on Neural Network Models for Natural Language Processing}",
         year = "2019",
        month = "Aug",
       url = {https://machinelearningmastery.com/primer-neural-network-models-natural-language-processing/}
}